@manual{
    physnumbook,
    title = {PHYSIQUE NUMÃ‰RIQUE version 24.2},
    author = {Laurent Villard},
    date = {2024}
}