@online{
	body,
	title = {Considerations for Reporting Finite Element Analysis Studies in Biomechanics},
	url = {https://www.ncbi.nlm.nih.gov/pmc/articles/PMC3278509/},
	urldate = {2024-04-30}
}


@online{
	nuke,
	title = {Nuclear Reactor Thermal Expansion Reactivity Effect Determination Using Finite Element Analysis Coupled with Monte Carlo Neutron Transport Analysis},
	url = {https://www.intechopen.com/chapters/73425},
	urldate = {2024-04-30}
}
