
@online{
	lagrange,
	title = {What are Lagrange points?},
	url = {https://www.space.com/30302-lagrange-points.html},
	urldate = {2024-04-14}
}
