@manual{
    physnumbook,
    title = {Physique Num√©rique version 24.2},
    author = {Laurent Villard},
    date = {2024}
}